% !TeX encoding = cp1251

@article{TPROGER_WHY_GO,
  author          = {Мария Кривоченко},
  journal         = {Типичный программист},
  title           = {Что делает Go таким необычным?},
  year            = {2021},
  note            = {URL:~{https://tproger.ru/translations/chto-delaet-go-takim-neobychnym}\ (дата обращения: 31 мая 2024)}
}

@book{BOOK_ABOUT_GO,
  author         = {Б. У. Керниган, А. А. Донован},
  editor         = {},
  publisher      = {Вильямс},
  title          = {Язык программирования Go},
  year           = {2018}
}

@article{HABR_WHY_CPP,
  author          = {Сандор Дарго},
  journal         = {Хабр},
  title           = {Зачем писать на C++ в 2022 году?},
  translator      = {Максим Рокатанский},
  year            = {2022},
  note            = {URL:~{https://habr.com/ru/companies/otus/articles/701324/}\ (дата обращения: 30 апреля 2024)}
}

@article{HABR_WHERE_PYTHON,
  author          = {},
  journal         = {Хабр},
  number          = {},
  title           = {Где перспективно и адекватно использовать Python},
  volume          = {},
  year            = {2017},
  note            = {URL:~{https://habr.com/ru/articles/340894/}\ (дата обращения: 29 апреля 2024)},
}

@article{HABR_ABOUT_PYTHON,
  author          = {Алексей Некрасов},
  journal         = {Хабр},
  number          = {},
  title           = {Синтаксис Python — в чем главные подводные камни на первый взгляд лёгкого ЯП. Перспективы языка},
  volume          = {},
  year            = {2022},
  note            = {URL:~{https://habr.com/ru/companies/skillbox/articles/653821/}\ (дата обращения: 29 апреля 2024)},
}

@article{HABR_WHY_RUST,
  author          = {Руслан Андреев},
  journal         = {Хабр},
  number          = {},
  title           = {Почему вы должны попробовать Rust},
  volume          = {},
  year            = {2021},
  note            = {URL:~{https://habr.com/ru/companies/huawei/articles/548808/}\ (дата обращения: 1 мая 2024)},
}

@article{JAVA,
  author          = {},
  journal         = {Хабр},
  number          = {},
  title           = {Java: перспективы, тренды и почему новичкам стоит его знать},
  volume          = {},
  year            = {URL:~{https://habr.com/ru/companies/lanit/articles/742100/}\ (дата обращения: 1 июня 2024)}
}

@article{SPRING_KOTLIN,
  author       = {},
  title        = {Kotlin},
  journal      = {Spring},
  note         = {URL:~{https://docs.spring.io/spring-framework/reference/languages/kotlin.html}\ (дата обращения: 1 июня 2024)},
}